<record><leader>00000cas a2200000 a 4500</leader><controlfield tag="001">13738688</controlfield><controlfield tag="008">860617u1929uuuumiusr n       0    0eng c</controlfield><datafield ind1=" " ind2=" " tag="010"><subfield code="a">sn 98066950 </subfield></datafield><datafield ind1=" " ind2=" " tag="040"><subfield code="a">EXH</subfield><subfield code="b">eng</subfield><subfield code="c">EXH</subfield><subfield code="d">MHN</subfield><subfield code="d">OCL</subfield><subfield code="d">OCLCQ</subfield><subfield code="d">OCLCF</subfield><subfield code="d">OCLCO</subfield></datafield><datafield ind1="1" ind2=" " tag="029"><subfield code="a">AU@</subfield><subfield code="b">000014355968</subfield></datafield><datafield ind1=" " ind2=" " tag="042"><subfield code="a">pcc</subfield></datafield><datafield ind1=" " ind2=" " tag="043"><subfield code="a">n-us-mi</subfield></datafield><datafield ind1=" " ind2=" " tag="090"><subfield code="a">LH1.H6</subfield><subfield code="b">A5</subfield></datafield><datafield ind1="0" ind2="0" tag="245"><subfield code="a">Hope College anchor.</subfield></datafield><datafield ind1="3" ind2="0" tag="246"><subfield code="a">Anchor</subfield></datafield><datafield ind1=" " ind2=" " tag="260"><subfield code="a">Hope College, Holland, Mich. :</subfield><subfield code="b">Hope College,</subfield><subfield code="c">1887-</subfield></datafield><datafield ind1=" " ind2=" " tag="300"><subfield code="a">v. :</subfield><subfield code="b">ill. ;</subfield><subfield code="c">43-45 cm.</subfield></datafield><datafield ind1=" " ind2=" " tag="310"><subfield code="a">Semimonthly, during the academic year,</subfield><subfield code="b">Sept. 28, 1932-</subfield></datafield><datafield ind1=" " ind2=" " tag="321"><subfield code="a">Weekly, during the academic year,</subfield><subfield code="b">Nov. 20, 1929-&lt;June 8, 1932&gt;</subfield></datafield><datafield ind1="0" ind2=" " tag="362"><subfield code="a">Vol. 43, no. 10-29 (Nov. 20, 1929)-</subfield></datafield><datafield ind1="2" ind2="0" tag="610"><subfield code="a">Hope College</subfield><subfield code="v">Newspapers.</subfield></datafield><datafield ind1=" " ind2="0" tag="651"><subfield code="a">Holland (Mich.)</subfield><subfield code="v">Newspapers.</subfield></datafield><datafield ind1=" " ind2="0" tag="651"><subfield code="a">Ottawa County (Mich.)</subfield><subfield code="v">Newspapers.</subfield></datafield><datafield ind1=" " ind2="7" tag="655"><subfield code="a">Newspapers.</subfield><subfield code="2">fast</subfield><subfield code="0">(OCoLC)fst01423814</subfield></datafield><datafield ind1="2" ind2="7" tag="610"><subfield code="a">Hope College.</subfield><subfield code="2">fast</subfield><subfield code="0">(OCoLC)fst00591538</subfield></datafield><datafield ind1=" " ind2="7" tag="651"><subfield code="a">Michigan</subfield><subfield code="z">Holland.</subfield><subfield code="2">fast</subfield><subfield code="0">(OCoLC)fst01217530</subfield></datafield><datafield ind1=" " ind2="7" tag="651"><subfield code="a">Michigan</subfield><subfield code="z">Ottawa County.</subfield><subfield code="2">fast</subfield><subfield code="0">(OCoLC)fst01214763</subfield></datafield><datafield ind1="2" ind2=" " tag="710"><subfield code="a">Hope College.</subfield></datafield><datafield ind1=" " ind2=" " tag="752"><subfield code="a">United States</subfield><subfield code="b">Michigan</subfield><subfield code="c">Ottawa</subfield><subfield code="d">Holland.</subfield></datafield><datafield ind1="0" ind2="0" tag="780"><subfield code="t">Anchor (Holland, Mich.)</subfield><subfield code="w">(DLC)sn 98066944</subfield><subfield code="w">(OCoLC)40334428</subfield></datafield></record>